@misc{paszke2019pytorch,
    title={PyTorch: An Imperative Style, High-Performance Deep Learning Library},
    author={Adam Paszke and Sam Gross and Francisco Massa and Adam Lerer and James Bradbury and Gregory Chanan and Trevor Killeen and Zeming Lin and Natalia Gimelshein and Luca Antiga and Alban Desmaison and Andreas KÃ¶pf and Edward Yang and Zach DeVito and Martin Raison and Alykhan Tejani and Sasank Chilamkurthy and Benoit Steiner and Lu Fang and Junjie Bai and Soumith Chintala},
    year={2019},
    eprint={1912.01703},
    archivePrefix={arXiv},
    primaryClass={cs.LG}
}

@article{uffelmann2021genome,
    author = {Uffelmann, E. and Huang, Q.Q. and Munung, N.S. and others},
    title = {Genome-wide association studies},
    journal = {Nat Rev Methods Primers},
    volume = {1},
    pages = {59},
    year = {2021},
    doi = {10.1038/s43586-021-00056-9},
    note = {Accepted: 13 July 2021, Published: 26 August 2021}
}
